@online{wiki_opt,
    title = {Wikipedia. Оптимизация (математика)},
    url = {https://ru.wikipedia.org/wiki/Оптимизация_(математика)},
    hyphenation = {russian}
}

@online{wiki_multiopt,
    title = {Wikipedia. Многокритериальная оптимизация},
    url = {https://ru.wikipedia.org/wiki/Многокритериальная_оптимизация},
    hyphenation = {russian}
}

@online{wiki_pareto,
    title = {Wikipedia. Эффективность по Парето},
    url = {https://ru.wikipedia.org/wiki/Эффективность_по_Парето},
    hyphenation = {russian}
}

@online{petrova_evo1,
    author = {Петрова И. А.},
    title = {Повышение эффективности алгоритмов многокритериальной оптимизации
		с помощью машинного обучения для решения задач составления расписаний},
    url = {http://is.ifmo.ru/diploma-theses/2013/bachelor/petrova/petrova.pdf},
	year = {2013},
    hyphenation = {russian}
}

@inproceedings{nsga1,
    author = {N. Srinivas and K. Deb},
    title = {Multiobjective  function  optimization  using nondominated sorting genetic algorithms},
    booktitle = {Evolutionary Computation},
    number = {2},
    year = {1995},
    hyphenation = {english},
    pages = {221-248}
}

@inproceedings{deb_nsga2,
    author = {Deb K. Pratap A. Agarwal S. Meyarivan T.},
    title = {A Fast and Elitist Multiobjective Genetic Algorithm: NSGA-II},
    booktitle = {Transactions on Evolutionary Computation},
    number = {2},
    year = {2002},
    hyphenation = {english},
    pages = {182-197}
}

@inproceedings{max_me_ss_nsga2,
    author = {Buzdalov M. Yakupov I. Stankevich A.},
    title = {Fast Implementation of the Steady-State NSGA-II Algorithm for 
		Two Dimensions Based on Incremental Non-Dominated Sorting},
    booktitle = {Proceedings of Genetic and Evolutionary Computation Conference},
    year = {2015},
    hyphenation = {english}
}

@inproceedings{enlu,
    author = {K. Li K. Deb Q. Zhang and S. Kwong},
    title = {Efficient non-domination level update approach for steady-state 
		evolutionary multiobjective optimization. Technical report},
    year = {2014},
    hyphenation = {english}
}

@inproceedings{spea2,
    author = {E. Zitzler, M. Laumanns, and L. Thiele},
    title = {SPEA2: Improving the Strength Pareto Evolutionary 
		Algorithm for Multiobjective Optimization.},
	booktitle = {Proceedings of the EUROGEN’2001 Conference},
    year = {2001},
    hyphenation = {english},
	pages = {95-100}
}

@inproceedings{inc_nsga2_spea2,
    author = {Juan J. Durillo Antonio J. Nebro Francisco Luna and Enrique Alba},
    title = {On the Effect of the Steady-State Selection
		Scheme in Multi-Objective Genetic Algorithms},
    hyphenation = {english}
}

