@online{wiki_opt,
    title = {Wikipedia. Оптимизация(математика)},
    url = {https://ru.wikipedia.org/wiki/Оптимизация_(математика)},
    hyphenation = {russian}
}